@Misc{Honeypi,
    title = {HoneyPi â€“ Bienenstockwaage},
    note = {Eingesehen am 09.09.2019},
    url = {https://www.honey-pi.de/},
    howpublished = "\url{ https://www.honey-pi.de/ }",
    key = {Honeypi},
}
